@article{aizinger2002discontinuous,
  title={A discontinuous {G}alerkin method for two-dimensional flow and transport in shallow water},
  author={Aizinger, Vadym and Dawson, Clint},
  journal={Advances in Water Resources},
  volume={25},
  number={1},
  pages={67--84},
  year={2002},
  publisher={Elsevier}
}

@article{george2006finite,
  title={Finite volume methods and adaptive refinement for global tsunami propagation and local inundation},
  author={George, David L and LeVeque, Randall J},
  year={2006}
}

@article{berger2011geoclaw,
  title={The {G}eo{C}law software for depth-averaged flows with adaptive refinement},
  author={Berger, M.J. and George, D.L. and LeVeque, R.J. and Mandli, K.T.},
  journal={Advances in Water Resources},
  volume={34},
  number={9},
  pages={1195--1206},
  year={2011},
  publisher={Elsevier}
}

@article{bunya2009wetting,
  title={A wetting and drying treatment for the {R}unge--{K}utta discontinuous {G}alerkin solution to the shallow water equations},
  author={Bunya, S. and Kubatko, E.J. and Westerink, J.J. and Dawson, C.},
  journal={Computer Methods in Applied Mechanics and Engineering},
  volume={198},
  number={17},
  pages={1548--1562},
  year={2009},
  publisher={Elsevier}
}

@article{casulli1990semi,
  title={Semi-implicit finite difference methods for the two-dimensional shallow water equations},
  author={Casulli, V.},
  journal={Journal of Computational Physics},
  volume={86},
  number={1},
  pages={56--74},
  year={1990},
  publisher={Elsevier}
}

@article{cockburn1998runge,
  title={The {R}unge--{K}utta discontinuous {G}alerkin method for conservation laws {V}: multidimensional systems},
  author={Cockburn, Bernardo and Shu, Chi-Wang},
  journal={Journal of Computational Physics},
  volume={141},
  number={2},
  pages={199--224},
  year={1998},
  publisher={Elsevier}
}

@article{cools1999monomial,
  title={Monomial cubature rules since "{S}troud": a compilation-part 2},
  author={Cools, Ronald},
  year={1999},
  publisher={Citeseer}
}

@article{ern2008well,
  title={A well-balanced {R}unge--{K}utta discontinuous {G}alerkin method for the shallow-water equations with flooding and drying},
  author={Ern, A. and Piperno, S. and Djadel, K.},
  journal={International journal for numerical methods in fluids},
  volume={58},
  number={1},
  pages={1--25},
  year={2008},
  publisher={Wiley Online Library}
}

@article{eskilsson2004triangular,
  title={{A} triangular spectral/hp discontinuous {G}alerkin method for modelling 2{D} shallow water equations},
  author={Eskilsson, C. and Sherwin, SJ},
  journal={International Journal for Numerical Methods in Fluids},
  volume={45},
  number={6},
  pages={605--623},
  year={2004},
  publisher={Wiley Online Library}
}

@article{gallardo2007well,
  title={On a well-balanced high-order finite volume scheme for shallow water equations with topography and dry areas},
  author={Gallardo, Jos{\'e} M and Par{\'e}s, Carlos and Castro, Manuel},
  journal={Journal of Computational Physics},
  volume={227},
  number={1},
  pages={574--601},
  year={2007},
  publisher={Elsevier}
}

@article{gear1984multirate,
  title={Multirate linear multistep methods},
  author={Gear, Charles William and Wells, DR},
  journal={BIT Numerical Mathematics},
  volume={24},
  number={4},
  pages={484--502},
  year={1984},
  publisher={Springer}
}


@article{giraldo2008high,
  title={A high-order triangular discontinuous {G}alerkin oceanic shallow water model},
  author={Giraldo, FX and Warburton, T},
  journal={International journal for numerical methods in fluids},
  volume={56},
  number={7},
  pages={899--925},
  year={2008},
  publisher={Wiley Online Library}
}

@article{giraldo2002nodal,
  title={Nodal high-order discontinuous {G}alerkin methods for the spherical shallow water equations},
  author={Giraldo, FX and Hesthaven, JS and Warburton, T},
  journal={Journal of Computational Physics},
  volume={181},
  number={2},
  pages={499--525},
  year={2002},
  publisher={Elsevier}
}

@article{gear1984multirate,
  title={Multirate linear multistep methods},
  author={Gear, Charles William and Wells, DR},
  journal={BIT Numerical Mathematics},
  volume={24},
  number={4},
  pages={484--502},
  year={1984},
  publisher={Springer}
}

@article{godel2010gpu,
  title={{GPU} accelerated {A}dams--{B}ashforth multirate discontinuous {G}alerkin {FEM} simulation of high-frequency electromagnetic fields},
  author={Godel, N. and Schomann, S. and Warburton, T. and Clemens, M.},
  journal={Magnetics, IEEE Transactions on},
  volume={46},
  number={8},
  pages={2735--2738},
  year={2010},
  publisher={IEEE}
}

 @book{hesthaven2008nodal,
   title={{N}odal discontinuous {G}alerkin methods: algorithms, analysis, and applications},
   author={Hesthaven, J.S. and Warburton, T.},
   volume={54},
   year={2008},
   publisher={Springer Verlag}
 }

@article{johnson1986analysis,
  title={An analysis of the discontinuous {G}alerkin method for a scalar hyperbolic equation.},
  author={Johnson, C. and Pitk{\"a}ranta, J.},
  journal={Math. Comput.},
  volume={46},
  number={173},
  pages={1--26},
  year={1986}
}

@article{karypis1998fast,
  title={A fast and high quality multilevel scheme for partitioning irregular graphs},
  author={Karypis, G. and Kumar, V.},
  journal={SIAM Journal on Scientific Computing},
  volume={20},
  number={1},
  pages={359--392},
  year={1998},
  publisher={SIAM}
}

 @article{klockner2009nodal,
 title = "{N}odal discontinuous {G}alerkin methods on graphics processors",
 journal = "Journal of Computational Physics",
 volume = "228",
 number = "21",
 pages = "7863 - 7882",
 year = "2009",
 note = "",
 issn = "0021-9991",
 doi = "DOI: 10.1016/j.jcp.2009.06.041",
 url = "http://www.sciencedirect.com/science/article/pii/S0021999109003647",
 author = "A. Klockner and T. Warburton and J. Bridge and J.S. Hesthaven",
 keywords = "Discontinuous Galerkin",
 keywords = "High order",
 keywords = "GPU",
 keywords = "Parallel computation",
 keywords = "Many-core",
 keywords = "Maxwell's equations"
 }

@phdthesis{klockner2010high,
  title={High-performance high-order simulation of wave and plasma phenomena},
  author={Klockner, Andreas},
  school={Brown University},
  year={2010}
}

@article{kubatko2006hp,
  title={hp {D}iscontinuous {G}alerkin methods for advection dominated problems in shallow water flow},
  author={Kubatko, E.J. and Westerink, J.J. and Dawson, C.},
  journal={Computer Methods in Applied Mechanics and Engineering},
  volume={196},
  number={1},
  pages={437--451},
  year={2006},
  publisher={Elsevier}
}

@article{leveque1998balancing,
  title={Balancing source terms and flux gradients in high-resolution {G}odunov methods: the quasi-steady wave-propagation algorithm},
  author={LeVeque, R.J.},
  journal={Journal of computational physics},
  volume={146},
  number={1},
  pages={346--365},
  year={1998},
  publisher={Elsevier}
}

@inproceedings{leveque2004high,
  title={High-resolution finite volume methods for the shallow water equations with bathymetry and dry states},
  author={LeVeque, Randall J and George, David L},
  booktitle={Proceedings of Long-Wave Workshop, Catalina, page to appear},
  year={2004},
  organization={Citeseer}
}

@article{leveque2011tsunami,
  title={Tsunami modelling with adaptively refined finite volume methods},
  author={LeVeque, R.J. and George, D.L. and Berger, M.J.},
  journal={Acta Numerica},
  volume={20},
  number={1},
  pages={211--289},
  year={2011},
  publisher={Cambridge Univ Press}
}

@article{liu1994weighted,
  title={Weighted essentially non-oscillatory schemes},
  author={Liu, X.D. and Osher, S. and Chan, T.},
  journal={Journal of Computational Physics},
  volume={115},
  number={1},
  pages={200--212},
  year={1994},
  publisher={Citeseer}
}

@article{gandham2014swe,
title={{GPU accelerated discontinous Galerkin methods for shallow water equations}},
author={Gandham, Rajesh and Medina, David and Warburton, Tim},
year={2014},
journal={Communications in Computational Physics},
}

@article{medina2014occa,
  title={{OCCA:} {A} unified approach to multi-threading languages},
  author={Medina, David and Warburton, Tim},
  year={2014},
  journal={white paper},
  url={http://arxiv.org/abs/1403.0968},
}

@MISC{occa2,
  title={{OCCA 2.0: Extensible multi-threading programming API}},
  author={Medina, David and Wilcox, Lucas and Warburton, Tim},
  year={2014},
  url={https://github.com/tcew/OCCA2},
}

@phdthesis{merrill1997finite,
  title={Finite difference and pseudospectral methods applied to the shallow water equations in spherical coordinates},
  author={Merrill, D.W.},
  year={1997},
  school={University of Colorado}
}

@article{nair2005discontinuous,
  title={A discontinuous {G}alerkin global shallow water model},
  author={Nair, Ramachandran D and Thomas, Stephen J and Loft, Richard D},
  journal={Monthly weather review},
  volume={133},
  number={4},
  pages={876--888},
  year={2005}
}

@article{navon1988review,
  title={A review of finite-element methods for solving the shallow-water equations},
  author={Navon, IM},
  journal={B. Schrefl er and OC Zienkiewicz, ed., Computer Modelling in Ocean Engineering, Balkeman, Rotterdam},
  pages={273--278},
  year={1988}
}
@article{schwanenberg2004discontinuous,
  title={{D}iscontinuous {G}alerkin finite-element method for transcritical two-dimensional shallow water flows},
  author={Schwanenberg, D. and Harms, M.},
  journal={Journal of Hydraulic Engineering},
  volume={130},
  number={5},
  pages={412--421},
  year={2004},
  publisher={American Society of Civil Engineers}
}
@article{shu1987tvb,
  title={{TVB} uniformly high-order schemes for conservation laws},
  author={Shu, Chi-Wang},
  journal={Mathematics of Computation},
  volume={49},
  number={179},
  pages={105--121},
  year={1987}
}

@article{thacker1981some,
  title={Some exact solutions to the nonlinear shallow-water wave equations},
  author={Thacker, William Carlisle},
  journal={Journal of Fluid Mechanics},
  volume={107},
  number={1},
  pages={499--508},
  year={1981},
  publisher={Cambridge Univ Press}
}

@book{wen2011gpu,
  title={{GPU} {C}omputing {GEM}s {J}ade {E}dition},
  author={Wen-mei, W Hwu},
  year={2011},
  publisher={Morgan Kaufmann}
}

@article{xing2006high,
  title={High order well-balanced finite volume {WENO} schemes and discontinuous {G}alerkin methods for a class of hyperbolic systems with source terms},
  author={Xing, Y. and Shu, C.W.},
  journal={Journal of Computational Physics},
  volume={214},
  number={2},
  pages={567--598},
  year={2006},
  publisher={Elsevier}
}
@article{xing2010positivity,
  title={Positivity-preserving high order well-balanced discontinuous {G}alerkin methods for the shallow water equations},
  author={Xing, Y. and Zhang, X. and Shu, C.W.},
  journal={Advances in Water Resources},
  volume={33},
  number={12},
  pages={1476--1493},
  year={2010},
  publisher={Elsevier}
}

@article{zhang2010positivity,
  title={On positivity-preserving high order discontinuous {G}alerkin schemes for compressible {E}uler equations on rectangular meshes},
  author={Zhang, X. and Shu, C.W.},
  journal={Journal of Computational Physics},
  volume={229},
  number={23},
  pages={8918--8934},
  year={2010},
  publisher={Elsevier}
}

@article{gourgue2009flux,
title={{A flux-limiting wetting--drying method for finite-element shallow-water models, with application to the Scheldt Estuary}},
author={Gourgue, Olivier and Comblen, Richard and Lambrechts, Jonathan and K{\"a}rn{\"a}, Tuomas and Legat, Vincent and Deleersnijder, Eric},
journal={Advances in Water Resources},
volume={32},
number={12},
pages={1726--1739},
year={2009},
publisher={Elsevier}
}

@article{wessel2013gshhg,
  title={{GSHHG}: a global selfconsistent, hierarchical, high-resolution geography database},
  author={Wessel, P and Smith, W},
  journal={Honolulu, Hawaii, Silver Spring, Maryland.(URL: http://www. soest. hawaii. edu/pwessel/gshhg/(accessed 10 January2013)},
  year={2013}
}

@book{amante2009etopo1,
  title={{ETOPO1 1 arc-minute global relief model: procedures, data sources and analysis}},
  author={Amante, Christopher and Eakins, Barry W},
  year={2009},
  publisher={US Department of Commerce, National Oceanic and Atmospheric Administration, National Environmental Satellite, Data, and Information Service, National Geophysical Data Center, Marine Geology and Geophysics Division}
}

@article{percival2011extraction,
  title={Extraction of tsunami source coefficients via inversion of {DART}{$^\circledR$} buoy data},
  author={Percival, Donald B and Denbo, Donald W and Ebl{\'e}, Marie C and Gica, Edison and Mofjeld, Harold O and Spillane, Michael C and Tang, Liujuan and Titov, Vasily V},
  journal={Natural hazards},
  volume={58},
  number={1},
  pages={567--590},
  year={2011},
  publisher={Springer}
}
@MISC{gaugerecords,
title={{CSIR - National Institute of Oceanography}},
url={http://www.nio.org/index/option/com_nomenu/task/show/tid/2/sid/18/id/11}
}

@article{okada1992internal,
  title={Internal deformation due to shear and tensile faults in a half-space},
  author={Okada, Yoshimitsu},
  journal={Bulletin of the Seismological Society of America},
  volume={82},
  number={2},
  pages={1018--1040},
  year={1992},
  publisher={Seismological Society of America}
}
@techreport{alevras2009simulating,
  title={Simulating tsunamis in the indian ocean with real bathymetry by using a high-order triangular discontinuous {G}alerkin oceanic shallow water model},
  author={Alevras, Dimitrios},
  year={2009},
  institution={DTIC Document}
}
@MISC{usgs,
title={{United States Geological Survey}},
url={http://www.usgs.gov/}
}

@article{ioualalen2007modeling,
  title={{Modeling the 26 December 2004 Indian Ocean tsunami: Case study of impact in Thailand}},
  author={Ioualalen, M and Asavanant, J and Kaewbanjak, N and Grilli, ST and Kirby, JT and Watts, P},
  journal={Journal of Geophysical Research: Oceans (1978--2012)},
  volume={112},
  number={C7},
  year={2007},
  publisher={Wiley Online Library}
}

@article{gopalakrishnan2011tsunami,
  title={Tsunami simulations with {DGCOM}: a triangular discontinuous {G}alerkin coastal ocean model},
  author={Gopalakrishnan, Shivasubamanian and Giraldo, Fracis. X and Alevras, Dimitiros},
  year={2011}
}
@article{pietrzak2007defining,
  title={{Defining the source region of the Indian Ocean Tsunami from GPS, altimeters, tide gauges and tsunami models}},
  author={Pietrzak, Julie and Socquet, Anne and Ham, David and Simons, Wim and Vigny, Christophe and Labeur, Robert Jan and Schrama, Ernst and Stelling, Guus and Vatvani, Deepak},
  journal={Earth and Planetary Science Letters},
  volume={261},
  number={1},
  pages={49--64},
  year={2007},
  publisher={Elsevier}
}

@article{rousseau2012overland,
  title={{Overland flow modelling with the Shallow Water Equation using a well balanced numerical scheme: Adding efficiency or just more complexity?}},
 author={Rousseau, Marie and Cerdan, Olivier and Delestre, Olivier and Dupros, Fabrice and James, Francois and Cordier, St{\'e}phane and others},
 year={2012}
}

@article{xing2010positivity,
  title={Positivity-preserving high order well-balanced discontinuous {G}alerkin methods for the shallow water equations},
  author={Xing, Y. and Zhang, X. and Shu, C.W.},
  journal={Advances in Water Resources},
  volume={33},
  number={12},
  pages={1476--1493},
  year={2010},
  publisher={Elsevier}
}

@article{modave2010parameters,
  title={{On the parameters of absorbing layers for shallow water models}},
  author={Modave, Axel and Deleersnijder, {\'E}ric and Delhez, {\'E}ric JM},
  journal={Ocean Dynamics},
  volume={60},
  number={1},
  pages={65--79},
  year={2010},
  publisher={Springer}
}